@preamble{ "\newcommand{\noopsort}[1]{} "
	# "\newcommand{\printfirst}[2]{#1} "
	# "\newcommand{\singleletter}[1]{#1} "
	# "\newcommand{\switchargs}[2]{#2#1} " }

@article{engelschall2001oos,
  title={{Openssl: The open source toolkit for SSL/TLS}},
  author={Engelschall, R.S.},
  journal={URL: http://www. openssl. org},
  pages={2001--04},
  year={2001}
}

@book{thomas2006awd,
  title={{Agile Web Development with Rails}},
  author={Thomas, D. and Hansson, D. and Breedt, L. and Clark, M. and Davidson, J.D. and Gehtland, J. and Schwarz, A.},
  year={2006},
  publisher={Pragmatic Bookshelf}
}

@article{cunningham2007rmr,
  title={{Reflexive metaprogramming in Ruby: tutorial presentation}},
  author={Cunningham, H.C.},
  journal={Journal of Computing Sciences in Colleges},
  volume={22},
  number={5},
  pages={145--146},
  year={2007},
  publisher={Consortium for Computing Sciences in Colleges USA}
}

@article{cuadrado2007bds,
  title={{Building Domain-Specific Languages for Model-Driven Development}},
  author={Cuadrado, J.S. and Molina, J.G.},
  journal={Software, IEEE},
  volume={24},
  number={5},
  pages={48--55},
  year={2007}
}

@article{berube2007gems,
  title={{What is RubyGems?}},
  author={David Berube},
  publisher={Springer},
  journal={Practical Ruby Gems},
  year={2007},
  pages={261--266}
}

@article{berube2007forge,
  title={{Distributing Gems}},
  author={David Berube},
  publisher={Springer},
  journal={Practical Ruby Gems},
  year={2007},
  pages={261--266}
}

@article{lawson2007tha,
  title={{TPM hardware attacks}},
  author={Nate Lawson},
  publisher={Root Labs},
  day={16},
  mon=jul,
  year={2007},
  journal={root labs rdist},
  website="http://rdist.root.org/2007/07/16/tpm-hardware-attacks/"
}

@article{lawson2007tha2,
  title={{TPM hardware attacks (part 2)}},
  author={Nate Lawson},
  publisher={Root Labs},
  day={17},
  mon=jul,
  year={2007},
  journal={root labs rdist},
  website="http://rdist.root.org/2007/07/17/tpm-hardware-attacks-part-2/"
}


@misc{intel2002lpc,
  title={{Low Pin Count Interface Specification}},
  author={Intel Corporation},
  mon=aug,
  year={2002},
  website="http://www.intel.com/design/chipsets/industry/lpc.htm",
  lastchecked="May, 2008"  
}

@article{herder2006msp,
  title={{Modular System Programming in MINIX 3}},
  author={Herder, JN and HERBERTBOS, B. and PHILIPHOMBURG, A. and NENBAUM, TA},
  journal={USENIX; login},
  volume={31},
  number={2},
  pages={19--28},
  year={2006}
}

@website{microsoft2002eal,
  title={{The New Common Criteria Security Evaluation Scheme and the Windows 2000 Evaluation}},
  author={Microsoft Corporation},
  year={2002},
  website="http://www.microsoft.com/technet/archive/security/prodtech/windows2000/secureev.mspx",
  lastchecked="May, 2008"
}

@article{shapiro2003uwe,
  title={{Understanding the Windows EAL4 Evaluation}},
  author={Shapiro, J.S.},
  year={2003},
  publisher={IEEE Computer Society},
  journal={Computer},
  volume={36},
  number={2},
  pages={103--105},
  year={2003}
}

@article{maosco:m,
  title={{MultOS}},
  author={MAOSCO, LTD},
  website="http://www. multos. com/",
  lastchecked="May, 2008"
}

@article{husemann2001ssc,
  title={{Standards in the smart card world}},
  author={Husemann, D.},
  journal={Computer Networks},
  volume={36},
  number={4},
  pages={473--487},
  year={2001},
  publisher={Elsevier}
}

@book{hendry2001scs,
  title={{Smart Card Security and Applications}},
  author={Hendry, M.},
  year={2001},
  publisher={Artech House}
}

@article{gassend2002spr,
  title={{Silicon physical random functions}},
  author={Gassend, B. and Clarke, D. and van Dijk, M. and Devadas, S.},
  journal={Proceedings of the 9th ACM conference on Computer and communications security},
  pages={148--160},
  year={2002},
  publisher={ACM Press New York, NY, USA}
}

@article{suh2003aat,
  title={{AEGIS: architecture for tamper-evident and tamper-resistant processing}},
  author={Suh, G.E. and Clarke, D. and Gassend, B. and van Dijk, M. and Devadas, S.},
  journal={Proceedings of the 17th annual international conference on Supercomputing},
  pages={160--171},
  year={2003},
  publisher={ACM Press New York, NY, USA}
}

@article{merkle1980ppk,
  title={{Protocols for public key cryptosystems}},
  author={Merkle, R.},
  journal={Proceedings of the IEEE Symposium on Security and Privacy},
  pages={122--133},
  year={1980}
}

@misc{microsystems2003jcp,
  title={{Java Card Platform Specification 2.2.1}},
  author={Sun Microsystems, Inc.},
  month={October},
  year={2003},
  journal={PP/0305 JavaCard System Standard},
  website="http://java.sun.com/javacard/specs.html",
 lastchecked = "May, 2008"  
}

@book{flanagan2008ruby,
  key="flanagan2008ruby",
  title={{The Ruby Programming Language}},
  author={David Flanagan and Yukihiro Matsumoto},
  month=jan,
  year={2008},
  publisher={O'Reilly Media, Inc}
}

@article{specification1998r,
  title={{Revision 2.2}},
  author={Specification, P.C.I.L.B.},
  journal={Dec},
  volume={18},
  pages={47--67},
  year={1998}
}

@article{specification2000r,
  title={{Revision 2.0}},
  author={Specification, U.S.B.},
  journal={The USB Implementers Forum (USB-IF), April},
  year={2000}
}

@article{sasada2005yya,
  title={{YARV: yet another RubyVM: innovating the ruby interpreter}},
  author={Sasada, K.},
  journal={Conference on Object Oriented Programming Systems Languages and Applications},
  pages={158--159},
  year={2005},
  publisher={ACM Press New York, NY, USA}
}

@misc{standard2001cli,
  title={{335: Common Language Infrastructure (CLI) Specification}},
  author={Standard, E.},
  year={2001},
  publisher={December}
}

@misc{tcpa2007,
 author = {Trusted Computing Platform Alliance},
 title = {Trusted Platform Module Main},
 month = jul,
 year = {2007},
 publisher = {Trusted Computing Group},
 website = "https://www.trustedcomputinggroup.org/specs/TPM/",
 lastchecked = "May, 2008", 
}

@misc{rsasec2000,
 author = {RSA Security},
 title = {RSA Security Releases RSA Encryption Algorithm into Public Domain},
 website = "http://www.rsa.com/press_release.aspx?id=261",
 lastchecked = "May, 2008",
 month = sep,
 year = {2000},
}

@article{coppersmith1994,
 author = {D. Coppersmith},
 title = {The Data Encryption Standard (DES) and its strength against attacks},
 journal = {IBM J. Res. Dev.},
 volume = {38},
 number = {3},
 year = {1994},
 issn = {0018-8646},
 pages = {243--250},
 publisher = {IBM Corp.},
 address = {Riverton, NJ, USA},
 }

@misc{daemen1999apr,
  title={{AES Proposal: Rijndael, AES Algorithm Submission}},
  author={Daemen, J. and Rijmen, V.},
  year={1999},
  publisher={September}
}

@article{koblitz1987ecc,
  title={{Elliptic curve cryptosystems}},
  author={Koblitz, N.},
  journal={Mathematics of Computation},
  volume={48},
  number={177},
  pages={203--209},
  year={1987},
  publisher={JSTOR}
}

@article{rivest1978mod,
  title={{A method for obtaining digital signatures and public-key cryptosystems}},
  author={Rivest, RL and Shamir, A. and Adleman, L.},
  journal={Communications of the ACM},
  volume={21},
  number={2},
  pages={120--126},
  year={1978},
  publisher={ACM New York, NY, USA}
}

@misc{leach2005ruu,
  title={{RFC 4122: A Universally Unique IDentifier (UUID) URN Namespace}},
  author={Leach, P. and Mealling, M. and Salz, R.},
  journal={Internet RFCs},
  year={2005},
  month={July},
  publisher={RFC Editor United States}
}

@article{eastlake2001rus,
  title={{RFC 3174: US Secure Hash Algorithm 1 (SHA1)}},
  author={Eastlake, D. and Jones, P.},
  journal={Internet RFCs},
  year={2001},
  publisher={RFC Editor United States}
}

@article{rivest1992rmm,
  title={{RFC 1321: The MD5 Message-Digest Algorithm}},
  author={Rivest, R.},
  journal={Internet RFCs},
  year={1992},
  publisher={RFC Editor United States}
}


@article{gengler1999isi,
  key="gengler1999isi",
  title={{Intel's ID code}},
  author={Gengler, B.},
  journal={Computer Fraud \& Security},
  volume={1999},
  number={3},
  pages={6--7},
  year={1999},
  publisher={Elsevier}
}

@misc{housley2002ixp,
  key="housley2002ixp",
  title={{Internet X. 509 Public Key Infrastructure Certificate and Certificate Revocation List (CRL) Profile}},
  author={Housley, R. and Polk, W. and Ford, W. and Solo, D.},
  year={2002},
  publisher={RFC 3280, April 2002}
}

@book{kleene1952im,
  key="kleene1952im",
  title={{Introduction to Metamathematics}},
  author={Kleene, S.C.},
  address={Amsterdam},
  publisher={North-Holland},
  pages={300, 376},
  year={1952}
}

@misc{dierks1999tpv,
  key="dierks1999tpv",
  title={{The TLS Protocol Version 1.0}},
  author={Dierks, T. and Allen, C.},
  year={1999},
  publisher={RFC 2246, January 1999}
}

@article{freier1996ssl,
  key="freier1996ssl",
  title={{Secure Socket Layer 3.0}},
  author={Freier, AO and Karlton, P. and Kocher, PC},
  journal={IETF draft, November},
  year={1996}
}

@book{lindholm1999jvm,
  key="lindholm1999jvm",
  title={{Java Virtual Machine Specification}},
  author={Lindholm, T. and Yellin, F.},
  year={1999},
  publisher={Addison-Wesley Longman Publishing Co., Inc. Boston, MA, USA}
}

@techreport{Suss:75,
   key = "Suss:75",
   author = "Gerald Jay Sussman and Guy Lewis Steele, Jr.",
   title = "Scheme: An Interpreter for Extended Lambda Calculus",
   number = "AI Lab Memo AIM-349",
   institution = "MIT AI Lab",
   month = "December",
   year = "1975",
   url = "http://repository.readscheme.org/ftp/papers/ai-lab-pubs/AIM-349.pdf",
}

@techreport{ste1976lambda1,
   author = "Guy Lewis Steele, Jr. and Gerald Jay Sussman",
   title = "Lambda: The Ultimate Imperative",
   number = "AI Lab Memo AIM-353",
   institution = "MIT AI Lab",
   month = "March",
   year = "1976",
   url = "http://repository.readscheme.org/ftp/papers/ai-lab-pubs/AIM-353.pdf",
}

@techreport{ste1976lambda2,
   author = "Guy Lewis Steele, Jr.",
   title = "Lambda: The Ultimate Declarative",
   number = "AI Lab Memo AIM-379",
   institution = "MIT AI Lab",
   month = "November",   
   year = "1976",
   url = "http://repository.readscheme.org/ftp/papers/ai-lab-pubs/AIM-379.pdf",
}

@mastersthesis{Ste:78b,
   key = "Ste:78b",
   author = "Guy Lewis Steele, Jr.",
   title = "RABBIT: A Compiler for SCHEME",
   number = "AI Lab Technical Report AITR-474",
   school = "MIT AI Lab",
   month = "May",
   year = "1978",
   url = "http://repository.readscheme.org/ftp/papers/ai-lab-pubs/AITR-474.pdf",
}
@book{cox1986oop,
  key = "cox1986oop",
  title={{Object oriented programming: an evolutionary approach}},
  author={Cox, B.J.},
  year={1986},
  publisher={Addison-Wesley Longman Publishing Co., Inc. Boston, MA, USA}
}

@website{Closures:JSR,
   key = "Closures:JSR",
   author = {Neal Gafter},
   title = {JSR Proposal: Closures for Java},
   month = may,
   year = "2008",
   url = "http://www.javac.info/",
   lastchecked = "May, 2008",
}

@article{ecma1999els,
  title={{262: ECMAScript Language Specification}},
  author={European Association for Standardizing Information and Communication Systems},
  journal={ECMA, Geneva, Switzerland, third edition},
  month="Dec",
  year={1999},
  url="http://www.ecma-international.org/publications/files/ECMA-ST/Ecma-262.pdf",
   lastchecked = "May, 2008",  
}

@techreport{carlsson2004cel,
  title={{Core Erlang 1.0.3 language specification}},
  author={Carlsson, R. and Gustavsson, B. and Johansson, E. and Lindgren, T. and Nystrom, S.O. and Pettersson, M. and Virding, R.},
  year={2004},
  institution={Information Technology Departament, Uppsala University, Sweden},
  url="http://www.it.uu.se/research/group/hipe/corerl/doc/core_erlang-1.0.3.pdf",
  lastchecked = "May, 2008",
}

@article{mattsson1999mdr,
  title={{Mnesia-A Distributed Robust DBMS for Telecommunications Applications}},
  author={Mattsson, H. and Nilsson, H. and Wikstrom, C.},
  journal={First International Workshop on Practical Aspects of Declarative Languages (PADL�99)},
  pages={152--163},
  year={1999},
  publisher={Springer},
}

@article{arnold2004ipn,
  title={{The IBM PCIXCC: A new cryptographic coprocessor for the IBM eServer}},
  author={Arnold, TW and Van Doorn, LP},
  journal={IBM Journal of Research and Development},
  volume={48},
  number={3},
  pages={475--487},
  year={2004}
}

@article{li2004sud,
  title={{Secure untrusted data repository (SUNDR)}},
  author={Li, J. and Krohn, M. and Mazi{\`e}res, D. and Shasha, D.},
  journal={Proceedings of the 6th conference on Symposium on Opearting Systems Design \& Implementation-Volume 6 table of contents},
  pages={9--9},
  year={2004},
  publisher={USENIX Association Berkeley, CA, USA}
}

@article{castro1pbf,
  title={{Practical Byzantine Fault Tolerance}},
  author={Castro, M. and Liskov, B.},
  journal={System},
  volume={1},
  year={1}
}

@article{cohen2003ibr,
  title={{Incentives Build Robustness in BitTorrent}},
  author={Cohen, B.},
  journal={Workshop on Economics of Peer-to-Peer Systems},
  volume={6},
  year={2003},
  publisher={Berkeley, CA, USA}
}

@article{stoica2001csp,
  title={{Chord: A scalable peer-to-peer lookup service for internet applications}},
  author={Stoica, I. and Morris, R. and Karger, D. and Kaashoek, M.F. and Balakrishnan, H.},
  journal={Proceedings of the 2001 SIGCOMM conference},
  volume={31},
  number={4},
  pages={149--160},
  year={2001},
  publisher={ACM New York, NY, USA}
}

@article{bradford:clm,
  title={{Complex landscapes: mobile payments in Japan, South Korea, and the United States}},
  author={Bradford, T. and Hayashi, F.}
}

@website{hickins2007mpsgt,
   key = "hickins2007mpsgt",
   author = {Michael Hickins},
   title = {Mobile Payment Systems Get Traction},
   month = "March",
   year = "2007",
   url = "http://www.internetnews.com/ec-news/article.php/3667181",
   lastchecked = "December, 2007",
}

@misc{latham1985ddt,
  title={{Department of Defense Trusted Computer System Evaluation Criteria}},
  author={Latham, D.C.},
  year={1985},
  publisher={Dec}
}

@article{lampson:ads,
  title={{Authentication in Distributed Systems: Theory and Practice}},
  author={Lampson, B. and Abadi, M. and Burrows, M. and Wobber, E.}
}

@article{sarmenta2006vmc,
  title={{Virtual monotonic counters and count-limited objects using a TPM without a trusted OS}},
  author={Sarmenta, L.F.G. and van Dijk, M. and O'Donnell, C.W. and Rhodes, J. and Devadas, S.},
  journal={Proceedings of the first ACM workshop on Scalable trusted computing},
  pages={27--42},
  year={2006},
  publisher={ACM Press New York, NY, USA}
}

@website{yoderpkcs11,
   key = "yoderpkcs11",
   author = {Yoder, Kent and Brandao, Ramon and Ratliff, Emily and Catherman, Ryan and Munetoh, Seiji and Nakamura, Taiga and et al.},
   title = {PKCS\# 11 TPM Token Documentation. TrouSerS - The open-source TCG Software Stack},
   url = "http://trousers.sourceforge.net/pkcs11.html",
   lastchecked = "December, 2007",
}